@misc{ scatterplot,
    title = "1.3.3.26.11. {S}catter {P}lot {M}atrix",
    howpublished = "\url{https://www.itl.nist.gov/div898/handbook/eda/section3/scatplma.htm}"
}

@misc{ kmeans,
    title = "{A}lgorithm {A}{S} 136: {A} {K}-{M}eans {C}lustering {A}lgorithm",
    howpublished = "\url{https://www.labri.fr/perso/bpinaud/userfiles/downloads/hartigan_1979_kmeans.pdf}"
}

@misc{ clusteringdef,
    title = "{A}n {I}ntroduction to {C}lustering and {D}ifferent {M}ethods of {C}lustering",
    howpublished = "\url{https://www.analyticsvidhya.com/blog/2016/11/an-introduction-to-clustering-and-different-methods-of-clustering/}"
}

@misc{ clarion,
    title = "{C}entroid {B}ased {C}lustering {A}lgorithms - {A} {C}larion {S}tudy",
    howpublished = "\url{http://ijcsit.com/docs/Volume%205/vol5issue06/ijcsit2014050688.pdf}"
}

@misc{ featureselection,
    title = "{I}ntroduction to {F}eature {S}election {M}ethods",
    howpublished = "\url{https://www.analyticsvidhya.com/blog/2016/12/introduction-to-feature-selection-methods-with-an-example-or-how-to-select-the-right-variables/}"
}

@misc{ kmeansintro,
    title = "{I}ntroduction to {K}-{M}eans {C}lustering",
    howpublished = "\url{https://www.datascience.com/blog/k-means-clustering}"
}

@misc{ mahal,
    title = "{M}ahalabonis {D}istance",
    howpublished = "\url{http://mccormickml.com/2014/07/21/mahalanobis-distance/}"
}

@article{scikit-learn,
 title={Scikit-learn: Machine Learning in {P}ython},
 author={Pedregosa, F. and Varoquaux, G. and Gramfort, A. and Michel, V.
         and Thirion, B. and Grisel, O. and Blondel, M. and Prettenhofer, P.
         and Weiss, R. and Dubourg, V. and Vanderplas, J. and Passos, A. and
         Cournapeau, D. and Brucher, M. and Perrot, M. and Duchesnay, E.},
 journal={Journal of Machine Learning Research},
 volume={12},
 pages={2825--2830},
 year={2011}
}

@article{ imagesegment,
title = "Image Segmentation Using K -means Clustering Algorithm and Subtractive Clustering Algorithm",
journal = "Procedia Computer Science",
volume = "54",
pages = "764 - 771",
year = "2015",
note = "Eleventh International Conference on Communication Networks, ICCN 2015, August 21-23, 2015, Bangalore, India Eleventh International Conference on Data Mining and Warehousing, ICDMW 2015, August 21-23, 2015, Bangalore, India Eleventh International Conference on Image and Signal Processing, ICISP 2015, August 21-23, 2015, Bangalore, India",
issn = "1877-0509",
doi = "https://doi.org/10.1016/j.procs.2015.06.090",
url = "http://www.sciencedirect.com/science/article/pii/S1877050915014143",
author = "Nameirakpam Dhanachandra and Khumanthem Manglem and Yambem Jina Chanu",
keywords = "Image segmentation,  -means clustering, Median filter, Partial contrast stretching, Subtractive clustering."
}

@article{ outlierremoval,
title = "k-means clustering with outlier removal",
journal = "Pattern Recognition Letters",
volume = "90",
pages = "8 - 14",
year = "2017",
issn = "0167-8655",
doi = "https://doi.org/10.1016/j.patrec.2017.03.008",
url = "http://www.sciencedirect.com/science/article/pii/S0167865517300740",
author = "Guojun Gan and Michael Kwok-Po Ng",
keywords = "Data clustering, -means, Outlier detection"
}

@misc{ chidist,
    author = "Wikipedia contributors",
    title = "Chi-squared distribution --- Wikipedia{,} The Free Encyclopedia",
    year = "2018",
    url = "\url{https://en.wikipedia.org/w/index.php?title=Chi-squared_distribution&oldid=827887501}",
    note = "[Online; accessed 19-March-2018]"
}
  
@misc{ mahalwiki,
    author = "Wikipedia contributors",
    title = "Mahalanobis distance --- Wikipedia{,} The Free Encyclopedia",
    year = "2018",
    url = "https://en.wikipedia.org/w/index.php?title=Mahalanobis_distance&oldid=828402630",
    note = "[Online; accessed 19-March-2018]"
  }